<?xml version="1.0" encoding="UTF-8"?><collection xmlns="http://www.loc.gov/MARC21/slim"><record><leader>00691nam--2200181-i-4500</leader><controlfield tag="001">000009413</controlfield><controlfield tag="002">20161230</controlfield><controlfield tag="005">20161230201028</controlfield><controlfield tag="008">060222s1000------------r-----000-0-eng-d</controlfield><datafield ind1=" " ind2=" " tag="040"><subfield code="a">IFIN-HH</subfield></datafield><datafield ind1=" " ind2=" " tag="080"><subfield code="a">539.18:539</subfield></datafield><datafield ind1="1" ind2=" " tag="100"><subfield code="a">Bopp, F</subfield></datafield><datafield ind1="1" ind2="0" tag="245"><subfield code="a">Physics of the one-and two-electron atoms</subfield><subfield code="b">Proceedings of the arnold sommerfeld centennial memorial meeting and of the international symposium on the physics of the one-and two-electron atoms, munich, 10-14 september, 1968</subfield><subfield code="c">F.bopp, h. kleinpoppen (eds.)</subfield></datafield><datafield ind1=" " ind2=" " tag="260"><subfield code="a">Amsterdam</subfield><subfield code="b">North-holland Publishing Company</subfield><subfield code="c">1969</subfield></datafield><datafield ind1=" " ind2=" " tag="300"><subfield code="a">XIV + 872 P</subfield></datafield><datafield ind1="1" ind2=" " tag="700"><subfield code="a">Kleinpoppen, H</subfield><subfield code="e">Ed</subfield></datafield><datafield ind1=" " ind2=" " tag="852"><subfield code="a">33182</subfield><subfield code="c">539.18</subfield></datafield><datafield ind1=" " ind2=" " tag="CAT"><subfield code="a">Sys</subfield><subfield code="c">20120702</subfield><subfield code="h">131132</subfield></datafield></record></collection>